@article{DBLP:journals/tnn/SuttonB98,
  author    = {Richard S. Sutton and
               Andrew G. Barto},
  title     = {Reinforcement Learning: An Introduction},
  journal   = {{IEEE} Trans. Neural Networks},
  volume    = {9},
  number    = {5},
  pages     = {1054--1054},
  year      = {1998},
  url       = {https://doi.org/10.1109/TNN.1998.712192},
  doi       = {10.1109/TNN.1998.712192},
  timestamp = {Sun, 28 May 2017 01:00:00 +0200},
  biburl    = {https://dblp.org/rec/bib/journals/tnn/SuttonB98},
  bibsource = {dblp computer science bibliography, https://dblp.org}
}